<record><leader>00000cas a22000007a 4500</leader><controlfield tag="001">13233587</controlfield><controlfield tag="008">860304d19191921njucr ne      0    0eng d</controlfield><datafield ind1=" " ind2=" " tag="010"><subfield code="a">sn 85035917 </subfield></datafield><datafield ind1=" " ind2=" " tag="040"><subfield code="a">NPA</subfield><subfield code="b">eng</subfield><subfield code="c">NPA</subfield><subfield code="d">NJW</subfield><subfield code="d">OCLCQ</subfield><subfield code="d">OCLCO</subfield></datafield><datafield ind1="1" ind2=" " tag="029"><subfield code="a">AU@</subfield><subfield code="b">000025787093</subfield></datafield><datafield ind1=" " ind2=" " tag="042"><subfield code="a">msc</subfield></datafield><datafield ind1="0" ind2="0" tag="245"><subfield code="a">New Brunswick observer.</subfield></datafield><datafield ind1=" " ind2=" " tag="260"><subfield code="a">New Brunswick, N.J. :</subfield><subfield code="b">Published by Lodge 329, International Association of Machinists</subfield></datafield><datafield ind1=" " ind2=" " tag="300"><subfield code="a">v. ;</subfield><subfield code="c">58 cm.</subfield></datafield><datafield ind1=" " ind2=" " tag="310"><subfield code="a">Semiweekly</subfield></datafield><datafield ind1=" " ind2=" " tag="321"><subfield code="a">Weekly,</subfield><subfield code="b">May 2-Dec. 5, 1919</subfield></datafield><datafield ind1="1" ind2=" " tag="362"><subfield code="a">Began in 1919; ceased in 1921.</subfield><subfield code="z">Cf. Wright, W.C. and Stellhorn, P.A. Direct. of N.J. newspapers.</subfield></datafield><datafield ind1=" " ind2=" " tag="500"><subfield code="a">"Dedicated to the interests of the workers, both organized and unorganized, and of all people of a progressive turn of mind."</subfield></datafield><datafield ind1=" " ind2=" " tag="588"><subfield code="a">Description based on: Vol. 1, no. 5 (May 2, 1919).</subfield></datafield><datafield ind1="2" ind2=" " tag="710"><subfield code="a">International Association of Machinists.</subfield></datafield><datafield ind1=" " ind2=" " tag="752"><subfield code="a">United States</subfield><subfield code="b">New Jersey</subfield><subfield code="c">Middlesex</subfield><subfield code="d">New Brunswick.</subfield></datafield></record>